@STRING{ ics = "IEEE Control Systems Magazine"}
@STRING{ acc = "Proc. of American Control Conf. "}
@STRING{ cdc = "Proc. of the IEEE Conf. on Decision and Control"}
@STRING{ isic = "Proc. of the IEEE International Symposium on Intelligent Control"}
@STRING{ iros = "IEEE/RSJ Int. Conf. on Intelligent Robots and Systems"}
@string{ICRA = "Proc. of the IEEE Int. Conf. on Robotics and Automation"}
@string{CVPR= "Proc. of the IEEE Conf. on Computer Vision and Pattern Recognition"}
@string{ICML="Proc. of the Int. Conf. on Machine Learning"}
@string{IJCAI="Proc. of the Int. Joint Conf. on Artificial Intelligence"}
@STRING{ ieeejra = "IEEE J. of Robotics Automation"}
@STRING{ ieeetra = "IEEE Trans. of Robotics and Automation"}
@STRING{ ieeetac = "IEEE Trans. of Automat. Contr. "}
@STRING{ ieeetcst = "IEEE Trans. of Control Systems Technology"}
@string{CVGIP="J. on Computer Vision, Graphics, and Image Processing"}

@STRING{ smc = "Proc. of the IEEE Conf. on System, Man, and Cybernetics"}
@STRING{ ecc = "Proc. of the European Control Conf."}
@STRING{ ascc = "Proc. of the Asian Control Conf. "}
@STRING{ cca = "Proc. of the IEEE Conf. on Control Applications"}
@STRING{ jrs = "J. of Robotic Systems "}
@STRING{ siamjco = "SIAM J. of Control and Optimization"}
@STRING{ automatica = "Automatica"}
@STRING{ cep = "Control Engineering Practice"}
@STRING{ asme_dsmc = "Trans. of ASME: J. of Dynamic Systems, Measurement, and Control"}
@STRING{ ijc = "Int. J. of Control"}
@STRING{ ieed = "IEE Proc. Pt.-D"}
@STRING{ ijss = "Int. J. of Systems Science"}
@STRING{ ijacsp = "Int. J. of Adaptive Control and Signal Processing"}
@STRING{ scl = "Systems and Control Letters"}
@STRING{ ijrnc = "Int. J. of Robust and Nonlinear Control"}
@STRING{ imajmci = "IMA J. of Math. Control and Infomation"}
@STRING{ ijrr = "Int. J. of Robotics Research"}
@STRING{ ieeetie = "IEEE Trans. of Industrial Electronics"}
@STRING{ ieeetsmc = "IEEE Trans. of Systems, Man, and Cybernetics"}



@InProceedings{Surmann01,
  author    = "H. Surmann and K. Lingemann and A. N\"{u}chter and J. Hertzberg",
  booktitle = "Proceedings of the 32nd ISR2001 (International Symposium on Robotics), Seoul, Korea",
  title     = "A 3D laser range finder for autonomous mobile robots",
  pages     = "153 -- 158",
  year      = "2001"
}    

@InProceedings{Surmann,
  author    = "H. Surmann and K. Lingemann and A. N\"{u}chter and J. Hertzberg",
  booktitle = "In Proceedings of the 6th International Fall Workshop Vision, Modeling, and Visualization",
  title     = "Fast acquiring and analysis of three dimensional laser range data",
  year      = "2001",
  address   = "Stuttgart, Germany",
}    

@INPROCEEDINGS{Shah02,
  AUTHOR =       "H. Shah and V. Bahl and J. Martin and N. S. Flann and K. Moore",
  TITLE =        "Intelligent behavior generator for autonomous mobile robots using planning-based {AI} decision making and supervisory control logic",
  BOOKTITLE =    "Conference on Unmanned Robotic Vehicles",
  YEAR =         "2002",
  address =      "Orlando, FL",
  month =        Apr,
  file = "SPIE03/material/shah02.pdf"
}

@INPROCEEDINGS{BahlMultiRobot,
  AUTHOR =       "V. Bahl and K. L. Moore",
  TITLE =        "Multi-Robot Autonomous Parking Security System",
  BOOKTITLE =    cdc,
  YEAR =         "2003",
}


@INPROCEEDINGS{MaHIMM,
  AUTHOR =       "L. Ma and K. L. Moore",
  TITLE =        "Sonar and Laser-Based HIMM Map Building for Collision Avoidance of Mobile Robots",
  BOOKTITLE =    isic,
  YEAR =         "2003",
}

@INPROCEEDINGS{Smuda02,
  AUTHOR =       "W. Smuda and P. Muench and G. Gerhart and K. L. Moore",
  TITLE =        "Autonomy and Manual Operation in a Small Robotic System for Under-Vehicle Inspections at Security Checkpoints",
  BOOKTITLE =    "Conference on Unmanned Robotic Vehicles",
  YEAR =         "2002",
  address =      "Orlando, FL",
  month =        Apr,
}

@INPROCEEDINGS{Song02,
  AUTHOR =       "Zhen Song and YangQuan Chen and Lili Ma and You Chung Chung",
  TITLE =        "Some Sensing and Perception Techniques for an Omni-directional 
  Ground Vehicles with a Laser Scanner",
  BOOKTITLE =    isic,
  YEAR =         "2002",
  address =      "Vancouver, British Columbia",
  month =        Oct,
  organization = "IEEE",
}
%% ODV
@article{moore_csm,
    author={K. L. Moore and N. S. Flann},
    title={A six-wheeled omnidirectional autonomous mobile robot},
    journal=ics, 
    volume= 20,
    year= 2000,
    pages={53-66},
    month=Dec,
    number= 6 
}

@inproceedings{odis_spie01,
    author={Moore, K. and Flann, N. and Rich, S. and Frandsen, M. and Chung, Y. and Martin,
        J. and Davidson, M. and Maxfield, R. and Wood, C.},
    title={Implementation of an Omni-directionsl Robotic Inspection System ({ODIS})},
    booktitle={Proc. of SPIE Conf. on Robotic and Semi-Robotic Ground Vehicle Tech.},
    year={2001},
    month=may,
    address={Orlando, FL.},
    organization={SPIE}
}
@MISC{HiTech,
  author =       "",
  title =        "{SeeLane} Technical Information",
  howpublished = "Hi-Tech Solutions Inc. \url{http://www.htsol.com/Download.html}",
  year =         "2001",
  month=        oct,
  keywords =     "LPR",
}


@MISC{SICKLaser,
  author =       "",
  title =        "Measurably more economical, {LMS200/LMS220} Laser Measurement Systems",
  howpublished = "{SICK} Inc. \url{http://www.sick.de}",
  year =         "2003",
  %\url{http://www.sick.de/de/products/categories/auto/lasermeasurementsystemsindoor/lms220indoor/en.toolboxpar.0005.file.tmp/PILMS22E.pdf}",
}

@inproceedings{odis_icra01,
    author={M. Davidson  and V. Bahl },
    title={The Scalar $\epsilon$-Controller: A Spatial Path Tracking Approach for {ODV},
        {A}ckerman, and Differentially-Steered Autonomous Wheeled Mobile Robots},
    booktitle={Proc. of IEEE Int. Conf. on Robotics and Automation},
    year={2001},
    address={Seoul, Korea},
    organization={IEEE}
}

@article{HoughSurvey,
    author={J. Illingworth and J. Kittler},
    title={A Survey of the {H}ough Transform },
    journal=CVGIP,
    volume={44},
    year={1998},
    pages={87--116}
}

@article{Atherton99CHT,
    author={T. J. Atherton and D. J. Kerbyson},
    title={Size Invariant Circle Detection},
    abstract={Circle {HT} http:/slash /slash www.c3.lanl.gov/slash par_arch/slash Publications.html},
    journal={J. Image and Vision Compution},
    volume={17},
    year={1999},
    pages={795-803}
}

@article{guil97lower,
    author={N. Guil and E. L. Zapata},
    title={Lower Order Circle and Ellipse {H}ough {T}ransform},
    abstract={Fast Circle HT Fast Ellipse HT http:/slash /slash citeseer.nj.nec.com/slash
        guil97lower.html},
    journal={J. Pattern Recognition},
    volume={30},
    year={1997},
    pages={1729-1744},
    month=Oct,
    number={10}
}


@inproceedings{guil96new,
    author={N. Guil and E. L. Zapata},
    title={A New Invariant Scheme For The Generalized {H}ough transform},
    abstract={GHT \url{http://citeseer.nj.nec.com/guil96new.html}},
    booktitle={IASTED Int. Conf. on Signal and Image Processing},
    year={1996},
    month=Nov,
    address={Orlando, Fl},
    pages={88-91}
}

@inproceedings{matas98progressive,
    author={J. Matas and C. Galambos and J. Kittler},
    title={Progressive Probabilistic {H}ough {T}ransform},
    abstract={www.bmva.ac.uk/slash bmvc/slash 1998/slash pdf/slash p176.pdf http:/slash
        /slash www.ee.surrey.ac.uk/slash Personal/slash G.Matas/slash publications/slash
        hough In M. S. Nixon, editor, Proc British Machine Vision Conference BMVC98,
        volume 1, pages 256-265, London, UK, Sep. 1998. University of Southampton,
        British Machine Vision Association. },
    booktitle={Proc. British Machine Vision Conference},
    year={1998},
    month=Sep
}

@inproceedings{GieslerLogHough,
    author={B. Giesler and R. Graf and R. Dillmann and C. F. R. Weiman},
    title={Fast mapping using the {L}og-{H}ough transformation},
    year={1998},
    pages={1702-1707},
    organization=iros,
    volume={3},
    mynote={Log-Hough is a fast (complexity O(n), where n is the number of signal points),
        non-linear (the resolution is ratio to the logarithm) Hough Transform.        }
}
